@article{Walker,
author = {Walker, Homer and Ni, Peng},
year = {2011},
month = {08},
pages = {1715-1735},
title = {Anderson Acceleration for Fixed-Point Iterations},
volume = {49},
journal = {SIAM J. Numerical Analysis},
doi = {10.2307/23074353}
}

@article{Pratapa,
author = {Pratapa, Phanisri and Suryanarayana, Phanish and Pask, John},
year = {2015},
month = {12},
pages = {},
title = {Anderson acceleration of the Jacobi iterative method: An efficient alternative to Krylov methods for large, sparse linear systems},
volume = {306},
journal = {Journal of Computational Physics},
doi = {10.1016/j.jcp.2015.11.018}
}

@article{Fang,
author = {Fang, Haw-ren and Saad, Yousef},
year = {2009},
month = {03},
pages = {197 - 221},
title = {Two classes of multisecant methods for nonlinear acceleration},
volume = {16},
journal = {Numerical Linear Algebra with Applications},
doi = {10.1002/nla.617}
}

@article{Ramière,
author = {Ramière, Isabelle and Helfer, Thomas},
year = {2015},
month = {09},
pages = {},
title = {Iterative residual-based vector methods to accelerate fixed point iterations},
volume = {70},
journal = {Computers & Mathematics with Applications},
doi = {10.1016/j.camwa.2015.08.025}
}

@article{Anderson,
author = {Anderson, Donald},
year = {1965},
month = {10},
pages = {547-560},
title = {Iterative Procedures for Nonlinear Integral Equations},
volume = {12},
journal = {J. ACM},
doi = {10.1145/321296.321305}
}

@book{Quarteroni,
author = {Gervasio, Paola and Quarteroni, Alfio and Sacco, Riccardo and Saleri, Fausto},
year = {2014},
month = {02},
pages = {},
title = {Matematica Numerica},
isbn = {978-88-470-5644-2}
}

@online{Formaggia,
author="Luca Formaggia",
url="https://github.com/pacs-course/pacs-examples/tree/master/Examples/src/HeatExchange",
addendum = "(accessed: 04.02.2021)"
}

@online{stack,
url="https://stackoverflow.com/questions/478898/how-do-i-execute-a-command-and-get-the-output-of-the-command-within-c-using-po",
addendum = "(accessed: 04.02.2021)"
}
